@article{xiao2017continuum,
  title={A continuum Poisson--Boltzmann model for membrane channel proteins},
  author={Xiao, Li and Diao, Jianxiong and Greene, D’Artagnan and Wang, Junmei and Luo, Ray},
  journal={Journal of chemical theory and computation},
  volume={13},
  number={7},
  pages={3398--3412},
  year={2017},
  publisher={ACS Publications}
}

@article{li2013progress,
  title={Progress in developing Poisson-Boltzmann equation solvers},
  author={Li, Chuan and Li, Lin and Petukh, Marharyta and Alexov, Emil},
  journal={Computational and Mathematical Biophysics},
  volume={1},
  pages={42--62},
  year={2013},
  publisher={De Gruyter Open}
}

@article{jurrus2018improvements,
  title={Improvements to the APBS biomolecular solvation software suite},
  author={Jurrus, Elizabeth and Engel, Dave and Star, Keith and Monson, Kyle and Brandi, Juan and Felberg, Lisa E and Brookes, David H and Wilson, Leighton and Chen, Jiahui and Liles, Karina and others},
  journal={Protein Science},
  volume={27},
  number={1},
  pages={112--128},
  year={2018},
  publisher={Wiley Online Library}
}


@article{nguyen2017accurate,
  title={Accurate, robust, and reliable calculations of Poisson--Boltzmann binding energies},
  author={Nguyen, Duc D and Wang, Bao and Wei, Guo-Wei},
  journal={Journal of computational chemistry},
  volume={38},
  number={13},
  pages={941--948},
  year={2017},
  publisher={Wiley Online Library}
}


@article{chakravorty2018gaussian,
  title={Gaussian-Based Smooth Dielectric Function: A Surface-Free Approach for Modeling Macromolecular Binding in Solvents},
  author={Chakravorty, Arghya and Jia, Zhe and Peng, Yunhui and Tajielyato, Nayere and Wang, Lisi and Alexov, Emil},
  journal={Frontiers in molecular biosciences},
  volume={5},
  pages={25},
  year={2018},
  publisher={Frontiers}
}

@article{jia2017treating,
  title={Treating ion distribution with G aussian-based smooth dielectric function in DelPhi},
  author={Jia, Zhe and Li, Lin and Chakravorty, Arghya and Alexov, Emil},
  journal={Journal of computational chemistry},
  volume={38},
  number={22},
  pages={1974--1979},
  year={2017},
  publisher={Wiley Online Library}
}


@article{li2014modeling,
  title={On the modeling of polar component of solvation energy using smooth Gaussian-based dielectric function},
  author={Li, Lin and Li, Chuan and Alexov, Emil},
  journal={Journal of Theoretical and Computational Chemistry},
  volume={13},
  number={03},
  pages={1440002},
  year={2014},
  publisher={World Scientific}
}


@article{li2013dielectric,
  title={On the dielectric “constant” of proteins: smooth dielectric function for macromolecular modeling and its implementation in DelPhi},
  author={Li, Lin and Li, Chuan and Zhang, Zhe and Alexov, Emil},
  journal={Journal of chemical theory and computation},
  volume={9},
  number={4},
  pages={2126--2136},
  year={2013},
  publisher={ACS Publications}
}


@article{rocchia2002rapid,
  title={Rapid grid-based construction of the molecular surface and the use of induced surface charge to calculate reaction field energies: Applications to the molecular systems and geometric objects},
  author={Rocchia, Walter and Sridharan, Sundaram and Nicholls, Anthony and Alexov, Emil and Chiabrera, Alessandro and Honig, Barry},
  journal={Journal of computational chemistry},
  volume={23},
  number={1},
  pages={128--137},
  year={2002},
  publisher={Wiley Online Library}
}


@article{baker2001electrostatics,
  title={Electrostatics of nanosystems: application to microtubules and the ribosome},
  author={Baker, Nathan A and Sept, David and Joseph, Simpson and Holst, Michael J and McCammon, J Andrew},
  journal={Proceedings of the National Academy of Sciences},
  volume={98},
  number={18},
  pages={10037--10041},
  year={2001},
  publisher={National Acad Sciences}
}


@article{chakravorty2019grid,
  title={A grid-based algorithm in conjunction with a gaussian-based model of atoms for describing molecular geometry},
  author={Chakravorty, Arghya and Gallicchio, Emilio and Alexov, Emil},
  journal={Journal of computational chemistry},
  volume={40},
  number={12},
  pages={1290--1304},
  year={2019},
  publisher={Wiley Online Library}
}


@article{decherchi2013between,
  title={Between algorithm and model: different molecular surface definitions for the Poisson-Boltzmann based electrostatic characterization of biomolecules in solution},
  author={Decherchi, Sergio and Colmenares, Jos{\'e} and Catalano, Chiara Eva and Spagnuolo, Michela and Alexov, Emil and Rocchia, Walter},
  journal={Communications in computational physics},
  volume={13},
  number={1},
  pages={61--89},
  year={2013},
  publisher={Cambridge University Press}
}


@article{sharp1990electrostatic,
  title={Electrostatic interactions in macromolecules: theory and applications},
  author={Sharp, Kim A and Honig, Barry},
  journal={Annual review of biophysics and biophysical chemistry},
  volume={19},
  number={1},
  pages={301--332},
  year={1990},
  publisher={Annual Reviews 4139 El Camino Way, PO Box 10139, Palo Alto, CA 94303-0139, USA}
}


@article{rocchia2001extending,
  title={Extending the applicability of the nonlinear Poisson- Boltzmann equation: multiple dielectric constants and multivalent ions},
  author={Rocchia, Walter and Alexov, Emil and Honig, Barry},
  journal={The Journal of Physical Chemistry B},
  volume={105},
  number={28},
  pages={6507--6514},
  year={2001},
  publisher={ACS Publications}
}


@article{wang2015pka,
  title={pKa predictions for proteins, RNA s, and DNA s with the Gaussian dielectric function using DelPhi pKa},
  author={Wang, Lin and Li, Lin and Alexov, Emil},
  journal={Proteins: Structure, Function, and Bioinformatics},
  volume={83},
  number={12},
  pages={2186--2197},
  year={2015},
  publisher={Wiley Online Library}
}


@article{wang2015delphipka,
  title={DelPhiPKa web server: predicting pKa of proteins, RNAs and DNAs},
  author={Wang, Lin and Zhang, Min and Alexov, Emil},
  journal={Bioinformatics},
  volume={32},
  number={4},
  pages={614--615},
  year={2015},
  publisher={Oxford University Press}
}


@article{talley2008electrostatic,
  title={On the electrostatic component of protein-protein binding free energy},
  author={Talley, Kemper and Ng, Carmen and Shoppell, Michael and Kundrotas, Petras and Alexov, Emil},
  journal={PMC biophysics},
  volume={1},
  number={1},
  pages={2},
  year={2008}
}

@article{chakavorty2016electrostatic,
  title={Electrostatic component of binding energy: interpreting predictions from poisson--boltzmann equation and modeling protocols},
  author={Chakavorty, Arghya and Li, Lin and Alexov, Emil},
  journal={Journal of computational chemistry},
  volume={37},
  number={28},
  pages={2495--2507},
  year={2016},
  publisher={Wiley Online Library}
}


@article{pahari2018delphipka,
  title={DelPhiPKa: Including salt in the calculations and enabling polar residues to titrate},
  author={Pahari, Swagata and Sun, Lexuan and Basu, Sankar and Alexov, Emil},
  journal={Proteins: Structure, Function, and Bioinformatics},
  volume={86},
  number={12},
  pages={1277--1283},
  year={2018},
  publisher={Wiley Online Library}
}


@article{dolinsky2007pdb2pqr,
  title={PDB2PQR: expanding and upgrading automated preparation of biomolecular structures for molecular simulations},
  author={Dolinsky, Todd J and Czodrowski, Paul and Li, Hui and Nielsen, Jens E and Jensen, Jan H and Klebe, Gerhard and Baker, Nathan A},
  journal={Nucleic acids research},
  volume={35},
  number={suppl\_2},
  pages={W522--W525},
  year={2007},
  publisher={Oxford University Press}
}


@article{chakravorty2017new,
  title={A new DelPhi feature for modeling electrostatic potential around proteins: Role of bound ions and implications for zeta-potential},
  author={Chakravorty, Arghya and Jia, Zhe and Li, Lin and Alexov, Emil},
  journal={Langmuir},
  volume={33},
  number={9},
  pages={2283--2295},
  year={2017},
  publisher={ACS Publications}
}


@article{humphrey1996vmd,
  title={VMD: visual molecular dynamics},
  author={Humphrey, William and Dalke, Andrew and Schulten, Klaus},
  journal={Journal of molecular graphics},
  volume={14},
  number={1},
  pages={33--38},
  year={1996},
  publisher={Elsevier}
}


@article{petukh2015predicting,
  title={Predicting binding free energy change caused by point mutations with knowledge-modified MM/PBSA method},
  author={Petukh, Marharyta and Li, Minghui and Alexov, Emil},
  journal={PLoS computational biology},
  volume={11},
  number={7},
  pages={e1004276},
  year={2015},
  publisher={Public Library of Science}
}


@article{petukh2016saambe,
  title={SAAMBE: webserver to predict the charge of binding free energy caused by amino acids mutations},
  author={Petukh, Marharyta and Dai, Luogeng and Alexov, Emil},
  journal={International journal of molecular sciences},
  volume={17},
  number={4},
  pages={547},
  year={2016},
  publisher={Multidisciplinary Digital Publishing Institute}
}


@article{getov2016saafec,
  title={SAAFEC: predicting the effect of single point mutations on protein folding free energy using a knowledge-modified MM/PBSA approach},
  author={Getov, Ivan and Petukh, Marharyta and Alexov, Emil},
  journal={International journal of molecular sciences},
  volume={17},
  number={4},
  pages={512},
  year={2016},
  publisher={Multidisciplinary Digital Publishing Institute}
}

@article{pahari2019pkad,
  title={PKAD: a database of experimentally measured pKa values of ionizable groups in proteins},
  author={Pahari, Swagata and Sun, Lexuan and Alexov, Emil},
  journal={Database},
  volume={2019},
  year={2019},
  publisher={Oxford University Press}
}

@article{klapper1986focusing,
  title={Focusing of electric fields in the active site of Cu-Zn superoxide dismutase: Effects of ionic strength and amino-acid modification},
  author={Klapper, Isaac and Hagstrom, Ray and Fine, Richard and Sharp, Kim and Honig, Barry},
  journal={Proteins: Structure, Function, and Bioinformatics},
  volume={1},
  number={1},
  pages={47--59},
  year={1986},
  publisher={Wiley Online Library}
}

@article{davis1989solving,
  title={Solving the finite difference linearized Poisson-Boltzmann equation: A comparison of relaxation and conjugate gradient methods},
  author={Davis, Malcolm E and McCammon, J Andrew},
  journal={Journal of computational chemistry},
  volume={10},
  number={3},
  pages={386--391},
  year={1989},
  publisher={Wiley Online Library}
}

@article{cortis1997numerical,
  title={Numerical solution of the Poisson--Boltzmann equation using tetrahedral finite-element meshes},
  author={Cortis, Christian M and Friesner, Richard A},
  journal={Journal of computational chemistry},
  volume={18},
  number={13},
  pages={1591--1608},
  year={1997},
  publisher={Wiley Online Library}
}

@article{shestakov2002solution,
  title={Solution of the nonlinear Poisson--Boltzmann equation using pseudo-transient continuation and the finite element method},
  author={Shestakov, AI and Milovich, JL and Noy, Aleksandr},
  journal={Journal of colloid and interface science},
  volume={247},
  number={1},
  pages={62--79},
  year={2002},
  publisher={Elsevier}
}


@article{miertuvs1981electrostatic,
  title={Electrostatic interaction of a solute with a continuum. A direct utilizaion of AB initio molecular potentials for the prevision of solvent effects},
  author={Miertu{\v{s}}, S and Scrocco, E and Tomasi, J},
  journal={Chemical Physics},
  volume={55},
  number={1},
  pages={117--129},
  year={1981},
  publisher={Elsevier}
}

@article{totrov2001rapid,
  title={Rapid boundary element solvation electrostatics calculations in folding simulations: successful folding of a 23-residue peptide},
  author={Totrov, Maxim and Abagyan, Ruben},
  journal={Peptide Science: Original Research on Biomolecules},
  volume={60},
  number={2},
  pages={124--133},
  year={2001},
  publisher={Wiley Online Library}
}

@article{lu2009adaptive,
  title={An adaptive fast multipole boundary element method for Poisson- Boltzmann electrostatics},
  author={Lu, Benzhuo and Cheng, Xiaolin and Huang, Jingfang and McCammon, J Andrew},
  journal={Journal of Chemical Theory and Computation},
  volume={5},
  number={6},
  pages={1692--1699},
  year={2009},
  publisher={ACS Publications}
}

@article{peng2017predicting,
  title={Predicting protein--DNA binding free energy change upon missense mutations using modified MM/PBSA approach: SAMPDI webserver},
  author={Peng, Yunhui and Sun, Lexuan and Jia, Zhe and Li, Lin and Alexov, Emil},
  journal={Bioinformatics},
  volume={34},
  number={5},
  pages={779--786},
  year={2017},
  publisher={Oxford University Press}
}

@article{onufriev2000modification,
  title={Modification of the generalized Born model suitable for macromolecules},
  author={Onufriev, Alexey and Bashford, Donald and Case, David A},
  journal={The Journal of Physical Chemistry B},
  volume={104},
  number={15},
  pages={3712--3720},
  year={2000},
  publisher={ACS Publications}
}

@article{phillips2005scalable,
  title={Scalable molecular dynamics with NAMD},
  author={Phillips, James C and Braun, Rosemary and Wang, Wei and Gumbart, James and Tajkhorshid, Emad and Villa, Elizabeth and Chipot, Christophe and Skeel, Robert D and Kale, Laxmikant and Schulten, Klaus},
  journal={Journal of computational chemistry},
  volume={26},
  number={16},
  pages={1781--1802},
  year={2005},
  publisher={Wiley Online Library}
}

@article{li2017delphiforce,
  title={DelPhiForce web server: electrostatic forces and energy calculations and visualization},
  author={Li, Lin and Jia, Zhe and Peng, Yunhui and Chakravorty, Arghya and Sun, Lexuan and Alexov, Emil},
  journal={Bioinformatics},
  volume={33},
  number={22},
  pages={3661--3663},
  year={2017},
  publisher={Oxford University Press}
}